@inproceedings{classsvm,
  title={Classification of EEG signals by using support vector machines},
  author={Bayram, K Sercan and K{\i}zrak, M Ayy{\"u}ce and Bolat, B{\"u}lent},
  booktitle={Innovations in Intelligent Systems and Applications (INISTA), 2013 IEEE International Symposium on},
  pages={1--3},
  year={2013},
  organization={IEEE}
}

@misc{online,
author = {},
title = {UCI Machine Learning Repository: Planning Relax Data Set},
howpublished = {https://archive.ics.uci.edu/ml/datasets/Planning+Relax},
note = {(Accessed on 06/02/2017)}
}

@inproceedings{auto,
  title={Automatic classification of sleep stages on a EEG signal by artificial neural networks},
  author={Kerkeni, Nizar and Alexandre, Fr{\'e}d{\'e}ric and Bedoui, Mohamed H{\'e}di and Bougrain, Laurent and Dogui, Mohamed},
  booktitle={5th WSEAS International Conference on SIGNAL, SPEECH and IMAGE PROCESSING-WSEAS SSIP'05},
  year={2005}
}

@article{wavelet,
  title={Classification of EEG signals using the wavelet transform},
  author={Hazarika, Neep and Chen, Jean Zhu and Tsoi, Ah Chung and Sergejew, Alex},
  journal={Signal processing},
  volume={59},
  number={1},
  pages={61--72},
  year={1997},
  publisher={Elsevier}
}

@article{packet,
  title={Home network power-line communication signal processing based on wavelet packet analysis},
  author={He, Haibo and Cheng, Shijie and Zhang, Youbing and Nguimbis, J},
  journal={IEEE Transactions on Power Delivery},
  volume={20},
  number={3},
  pages={1879--1885},
  year={2005},
  publisher={IEEE}
}

@article{curve,
  title={The meaning and use of the area under a receiver operating characteristic (ROC) curve.},
  author={Hanley, James A and McNeil, Barbara J},
  journal={Radiology},
  volume={143},
  number={1},
  pages={29--36},
  year={1982}
}

@misc{random,
author = {},
title = {yhat | Random Forests in Python},
howpublished = {http://blog.yhat.com/posts/random-forests-in-python.html},
month = {},
year = {},
note = {(Accessed on 06/17/2017)}
}

@misc{wiki,
author = {},
title = {Receiver operating characteristic - Wikipedia},
howpublished = {https://en.wikipedia.org/wiki/Receiver-operating-characteristic},
month = {},
year = {},
note = {(Accessed on 06/18/2017)}
}

@article{fuzzy,
  title={FRCT: fuzzy-rough classification trees},
  author={Bhatt, Rajen B and Gopal, M},
  journal={Pattern analysis and applications},
  volume={11},
  number={1},
  pages={73--88},
  year={2008},
  publisher={Springer}
}

@misc{skforest,
author = {},
title = {3.2.4.3.1. sklearn.ensemble.RandomForestClassifier â€” scikit-learn 0.18.2 documentation},
howpublished = {http://scikit-learn.org/stable/modules/generated/sklearn.ensemble.RandomForestClassifier.html},
note = {(Accessed on 06/22/2017)}
}